@article{GreinerPetter2019,
  author={Greiner-Petter, Andre and Schubotz, Moritz and Cohl, Howard S. and Gipp, Bela},
  date={2018-07},
  title={Semantic Preserving Bijective Mappings for Expressions involving Special Functions in Computer Algebra Systems and Document Preparation Systems},
  doi={10.1108/AJIM-08-2018-0185},
  number={3}, 
  volume={71},
  issn={2050-3806},
  journal={Aslib Journal of Information Management},
  pages={415--439}, 
}
